@Book{stewart2003calculus,
 author = {Stewart, James},
 title = {Calculus: Early Transcendentals (5th edition)},
 publisher = {Thomson/Brooks/Cole},
 year = {2003},
 address = {Belmont, CA},
 isbn = {0-534-39321-7}
 }
 
@misc{ConvolutionMathWorld:2018,
 title={Convolution},
 author={Weisstein, Eric W.},
 publisher = {MathWorld--A Wolfram Web Resource.},
 year={2018},
 howpublished={\url{http://mathworld.wolfram.com/Convolution.html}},
}

@article{Widder:1954,
 author = {Widder, D. V.},
 fjournal = {Bulletin of the American Mathematical Society},
 journal = {Bull. Amer. Math. Soc.},
 month = {09},
 number = {5},
 pages = {444--456},
 publisher = {American Mathematical Society},
 title = {The convolution transform},
 url = {https://projecteuclid.org:443/euclid.bams/1183519061},
 volume = {60},
 year = {1954}
}

//BSDS500
@Article{amfm_pami2011,
 author = {Arbelaez, Pablo and Maire, Michael and Fowlkes, Charless and Malik, Jitendra},
 title = {Contour Detection and Hierarchical Image Segmentation},
 journal = {IEEE Trans. Pattern Anal. Mach. Intell.},
 issue_date = {May 2011},
 volume = {33},
 number = {5},
 month = {May},
 year = {2011},
 issn = {0162-8828},
 pages = {898--916},
 numpages = {19},
 _url = {http://dx.doi.org/10.1109/TPAMI.2010.161},
 doi = {10.1109/TPAMI.2010.161},
 acmid = {1963088},
 publisher = {IEEE Computer Society},
 address = {Washington, DC, USA},
 keywords = {Contour detection, image segmentation, computer vision.},
} 

//KITTI
@INPROCEEDINGS{Fritsch2013ITSC,
 author = {Jannik Fritsch and Tobias Kuehnl and Andreas Geiger},
 title = {A New Performance Measure and Evaluation Benchmark for Road Detection Algorithms},
 booktitle = {International Conference on Intelligent Transportation Systems (ITSC)},
 year = {2013}
} 

//NYUD-v2
@inproceedings{Silberman:ECCV12,
 author = {Nathan Silberman, Derek Hoiem, Pushmeet Kohli and Rob Fergus},
 title = {Indoor Segmentation and Support Inference from RGBD Images},
 booktitle = {ECCV},
 year = {2012}
}

//Pascal Context
@InProceedings{mottaghi_cvpr14,
 author = {Roozbeh Mottaghi and Xianjie Chen and Xiaobai Liu and Nam-Gyu Cho and Seong-Whan Lee and Sanja Fidler and Raquel Urtasun and Alan Yuille},
 title = {The Role of Context for Object Detection and Semantic Segmentation in the Wild},
 booktitle = {IEEE Conference on Computer Vision and Pattern Recognition (CVPR)},
 year = {2014},
}

@inproceedings{SYNS:2015,
 booktitle = {CVMP '15 Proceedings of the 12th European Conference on Visual Media Production},
 title = {The Southampton York natural scenes (SYNS) dataset},
 author = {Wendy J. Adams and Alexander A. Muryy and Erich W. Graf and Arthur J. Lugtigheid and James H. Elder},
 publisher = {ACM},
 year = {2015},
 note = {\url{https://eprints.soton.ac.uk/389512/}},
}

@article{Multicue:2016,
 title = {A systematic comparison between visual cues for boundary detection},
 journal = {Vision Research},
 volume = {120},
 pages = {93 - 107},
 year = {2016},
 note = {Vision and the Statistics of the Natural Environment},
 issn = {0042-6989},
 doi = {https://doi.org/10.1016/j.visres.2015.11.007},
 url = {http://www.sciencedirect.com/science/article/pii/S0042698915003685},
 author = {David A. MÃ©ly and Junkyung Kim and Mason McGill and Yuliang Guo and Thomas Serre},
 note = {\url{http://serre-lab.clps.brown.edu/resource/multicue/}}
}

@INPROCEEDINGS{Reis:2019,
 author={Felipe Reis and Raquel Almeida and Ewa Kijak and Simon Malinowski and Silvio Guimar{\~a}es and Zenilton {Patroc{\'i}nio Jr}.}, 
 booktitle={2019 International Joint Conference on Neural Networks (IJCNN)}, 
 title={Combining convolutional side-outputs for road image segmentation}, 
 year={2019},
 pages={1-8},
 doi={10.1109/IJCNN.2019.8851843},
 isbn={978-1728119854},
 issn={2161-4407},
 month={July},
 day={18},
}

@InProceedings{GuimaraesPatrocinio:2013,
  author={Guimar{\~a}es, Silvio Jamil F. and Patroc{\'i}nio, Zenilton K. G.},
  editor={Petrosino, Alfredo},
  title={A Graph-Based Hierarchical Image Segmentation Method Based on a Statistical Merging Predicate},
  booktitle={Image Analysis and Processing -- ICIAP 2013},
  year={2013},
  publisher={Springer Berlin Heidelberg},
  address={Berlin, Heidelberg},
  pages={11--20},
  isbn={978-3-642-41181-6}
}

@book{Goodfellow2016,
 author={Ian Goodfellow and Yoshua Bengio and Aaron Courville},
 title={Deep Learning},
 publisher={MIT Press},
 note={\url{http://www.deeplearningbook.org}},
 year={2016}
}

@book{ShalevShwartz:2014:UML:2621980,
 author = {Shalev-Shwartz, Shai and Ben-David, Shai},
 title = {Understanding Machine Learning: From Theory to Algorithms},
 year = {2014},
 isbn = {1107057132, 9781107057135},
 publisher = {Cambridge University Press},
 address = {New York, NY, USA},
} 

@incollection{Rumelhart1988,
 author = {Rumelhart, David E. and Hinton, Geoffrey E. and Williams, Ronald J.},
 chapter = {Learning Representations by Back-propagating Errors},
 title = {Neurocomputing: Foundations of Research},
 editor = {Anderson, James A. and Rosenfeld, Edward},
 year = {1988},
 isbn = {0-262-01097-6},
 pages = {696--699},
 numpages = {4},
 url = {http://dl.acm.org/citation.cfm?id=65669.104451},
 acmid = {104451},
 publisher = {MIT Press},
 address = {Cambridge, MA, USA},
} 

@article{Kiwiel2001ConvergenceAE,
  title={Convergence and efficiency of subgradient methods for quasiconvex minimization},
  author={Krzysztof C. Kiwiel},
  journal={Mathematical Programming},
  publisher={Springer-Verlag},
  year={2001},
  month={Mar},
  volume={90},
  number={1},
  pages={1-25},
  issn={1436-4646}
}

@Article{Breiman1996,
 author={Breiman, Leo},
 title={Bagging Predictors},
 journal={Machine Learning},
 year={1996},
 month={Aug},
 day={01},
 volume={24},
 number={2},
 pages={123--140},
 issn={1573-0565},
 doi={10.1023/A:1018054314350},
 url={https://doi.org/10.1023/A:1018054314350}
}

@InProceedings{Ioffe2015:pmlrv37,
  title = {Batch Normalization: Accelerating Deep Network Training by Reducing Internal Covariate Shift},
  author = {Sergey Ioffe and Christian Szegedy},
  booktitle = {Proceedings of the 32nd International Conference on Machine Learning},
  pages = {448-456},
  year = {2015},
  editor = {Francis Bach and David Blei},
  volume = {37},
  series = {Proceedings of Machine Learning Research},
  address = {Lille, France},
  month = {07--09 Jul},
  publisher = {PMLR},
  pdf = {http://proceedings.mlr.press/v37/ioffe15.pdf},
  url = {http://proceedings.mlr.press/v37/ioffe15.html},
}

@article{Srivastava2014Dropout,
  title = {Dropout: A Simple Way to Prevent Neural Networks from Overfitting},
 author = {Srivastava, Nitish and Hinton, Geoffrey and Krizhevsky, Alex and Sutskever, Ilya and Salakhutdinov, Ruslan},
 year = {2014},
 month = {06},
 booktitle = {Journal of Machine Learning Research},
 volume = {15},
 pages = {1929-1958},
 editor = {Yoshua Bengio}
}

@article{Ruder2016,
  author    = {Sebastian Ruder},
  title     = {An overview of gradient descent optimization algorithms},
  journal   = {CoRR - Computer Research Repository},
  volume    = {abs/1609.04747},
  year      = {2016},
  url       = {http://arxiv.org/abs/1609.04747},
  archivePrefix = {arXiv},
  eprint    = {1609.04747},
  timestamp = {Mon, 13 Aug 2018 16:48:10 +0200},
  biburl    = {https://dblp.org/rec/bib/journals/corr/Ruder16},
  bibsource = {dblp computer science bibliography, https://dblp.org}
}

@InProceedings{Glorot2010a:PMLR,
  title = {Understanding the difficulty of training deep feedforward neural networks},
  author = {Xavier Glorot and Yoshua Bengio},
  booktitle = {Proceedings of the Thirteenth International Conference on Artificial Intelligence and Statistics},
  pages = {249--256},
  year = {2010},
  editor = {Yee Whye Teh and Mike Titterington},
  volume = {9},
  series = {Proceedings of Machine Learning Research},
  address = {Chia Laguna Resort, Sardinia, Italy},
  month = {13--15 May},
  publisher = {PMLR},
  pdf = {http://proceedings.mlr.press/v9/glorot10a/glorot10a.pdf},
  url = {http://proceedings.mlr.press/v9/glorot10a.html},
}


@inproceedings{DavisGoadrich:2006,
 author = {Davis, Jesse and Goadrich, Mark},
 title = {The Relationship Between Precision-Recall and ROC Curves},
 booktitle = {Proceedings of the 23rd International Conference on Machine Learning},
 series = {ICML '06},
 year = {2006},
 isbn = {1-59593-383-2},
 location = {Pittsburgh, Pennsylvania, USA},
 pages = {233--240},
 numpages = {8},
 url = {http://doi.acm.org/10.1145/1143844.1143874},
 doi = {10.1145/1143844.1143874},
 acmid = {1143874},
 publisher = {ACM},
 address = {New York, NY, USA},
} 

@InProceedings{TorgoRibeiro:2009,
  author={Torgo, Luis and Ribeiro, Rita},
  editor={Gama, Jo{\~a}o and Costa, V{\'i}tor Santos and Jorge, Al{\'i}pio M{\'a}rio and Brazdil, Pavel B.},
  title={Precision and Recall for Regression},
  booktitle={Discovery Science},
  year={2009},
  publisher={Springer Berlin Heidelberg},
  address={Berlin, Heidelberg},
  pages={332--346},
  isbn={978-3-642-04747-3}
}

@inproceedings{Dembczynsk:2011,
 author = {Dembczy\'{n}ski, Krzysztof and Waegeman, Willem and Cheng, Weiwei and H\"{u}llermeier, Eyke},
 title = {An Exact Algorithm for F-measure Maximization},
 booktitle = {Proceedings of the 24th International Conference on Neural Information Processing Systems},
 series = {NIPS'11},
 year = {2011},
 isbn = {978-1-61839-599-3},
 location = {Granada, Spain},
 pages = {1404--1412},
 numpages = {9},
 url = {http://dl.acm.org/citation.cfm?id=2986459.2986616},
 acmid = {2986616},
 publisher = {Curran Associates Inc.},
 address = {USA},
} 

@article{Fawcett:2006,
 title = {An introduction to ROC analysis},
 journal = {Pattern Recognition Letters},
 volume = {27},
 number = {8},
 pages = {861 - 874},
 year = {2006},
 note = {ROC Analysis in Pattern Recognition},
 issn = {0167-8655},
 doi = {https://doi.org/10.1016/j.patrec.2005.10.010},
 url = {http://www.sciencedirect.com/science/article/pii/S016786550500303X},
 author = {Tom Fawcett}
}

@book{Smith:1997:SEG:281875,
 author = {Smith, Steven W.},
 title = {The Scientist and Engineer's Guide to Digital Signal Processing},
 year = {1997},
 isbn = {0-9660176-3-3},
 publisher = {California Technical Publishing},
 address = {San Diego, CA, USA},
 note = {\url{http://www.dspguide.com}}
} 

@INPROCEEDINGS{PontTuset:2013, 
 author={J. Pont-Tuset and F. Marques}, 
 booktitle={2013 IEEE Conference on Computer Vision and Pattern Recognition}, 
 title={Measures and Meta-Measures for the Supervised Evaluation of Image Segmentation}, 
 year={2013}, 
 volume={}, 
 number={}, 
 pages={2131-2138}, 
 doi={10.1109/CVPR.2013.277}, 
 ISSN={1063-6919}, 
 month={June}
}

@ARTICLE{Chalana:1997, 
 author={V. Chalana and Y. Kim}, 
 journal={IEEE Transactions on Medical Imaging}, 
 title={A methodology for evaluation of boundary detection algorithms on medical images}, 
 year={1997}, 
 volume={16}, 
 number={5}, 
 pages={642-652}, 
 doi={10.1109/42.640755}, 
 ISSN={0278-0062}, 
 month={Oct},
}

@article{Rand:1971,
 ISSN = {01621459},
 URL = {http://www.jstor.org/stable/2284239},
 author = {William M. Rand},
 journal = {Journal of the American Statistical Association},
 number = {336},
 pages = {846--850},
 publisher = {[American Statistical Association, Taylor \& Francis, Ltd.]},
 title = {Objective Criteria for the Evaluation of Clustering Methods},
 volume = {66},
 year = {1971}
}

@inproceedings{Meila:2005,
 author = {{MEIL\v{A}}, Marina},
 title = {Comparing Clusterings: An Axiomatic View},
 booktitle = {Proceedings of the 22Nd International Conference on Machine Learning},
 series = {ICML '05},
 year = {2005},
 isbn = {1-59593-180-5},
 location = {Bonn, Germany},
 pages = {577--584},
 numpages = {8},
 url = {http://doi.acm.org/10.1145/1102351.1102424},
 doi = {10.1145/1102351.1102424},
 acmid = {1102424},
 publisher = {ACM},
 address = {New York, NY, USA},
} 

@INPROCEEDINGS{Huang:1995, 
 author={Q. Huang and B. Dom}, 
 booktitle={Proceedings., International Conference on Image Processing}, 
 title={Quantitative methods of evaluating image segmentation}, 
 year={1995}, 
 volume={3}, 
 number={}, 
 pages={53-56 vol.3},
 doi={10.1109/ICIP.1995.537578}, 
 ISSN={}, 
 month={Oct},
}

@techreport{Dongen:2000,
 author = {Dongen, Stijn},
 title = {Performance Criteria for Graph Clustering and Markov Cluster Experiments},
 year = {2000},
 source = {http://www.ncstrl.org:8900/ncstrl/servlet/search?formname=detail\&id=oai%3Ancstrlh%3Aercim_cwi%3Aercim.cwi%2F%2FINS-R0012},
 publisher = {CWI (Centre for Mathematics and Computer Science)},
 address = {Amsterdam, The Netherlands, The Netherlands},
} 

@article{Cardoso:2005,
 author = {Cardoso, J. S. and Corte-Real, L.},
 title = {Toward a Generic Evaluation of Image Segmentation},
 journal = {Trans. Img. Proc.},
 issue_date = {November 2005},
 volume = {14},
 number = {11},
 month = {11},
 year = {2005},
 issn = {1057-7149},
 pages = {1773--1782},
 numpages = {10},
 url = {https://doi.org/10.1109/TIP.2005.854491},
 doi = {10.1109/TIP.2005.854491},
 acmid = {2320829},
 publisher = {IEEE Press},
 address = {Piscataway, NJ, USA},
 keywords = {Image segmentation, objective segmentation assessment, segmentation quality evaluation},
} 

@InProceedings{Meila:2003,
 author={Meil{\v{a}}, Marina},
 editor={Sch{\"o}lkopf, Bernhard and Warmuth, Manfred K.},
 title={Comparing Clusterings by the Variation of Information},
 booktitle={Learning Theory and Kernel Machines},
 year={2003},
 publisher={Springer Berlin Heidelberg},
 address={Berlin, Heidelberg},
 pages={173--187},
 isbn={978-3-540-45167-9}
}

@book{GIL:2010,
  title={Como elaborar projetos de pesquisa},
  author={Gil, AntÃ´nio Carlos},
  isbn={9788522458233},
  url={https://books.google.com.br/books?id=HSGHRAAACAAJ},
  year={2010},
  publisher={Atlas}
}

@article{TURING:1950,
 author = {TURING, A. M.},
 title = {I.âCOMPUTING MACHINERY AND INTELLIGENCE},
 journal = {Mind},
 volume = {LIX},
 number = {236},
 pages = {433-460},
 year = {1950},
 doi = {10.1093/mind/LIX.236.433},
 URL = {http://dx.doi.org/10.1093/mind/LIX.236.433},
 eprint = {/oup/backfile/content_public/journal/mind/lix/236/10.1093_mind_lix.236.433/1/433.pdf}
}

@article{Xie:2017:HED:3158436.3158453,
 author = {Xie, Saining and Tu, Zhuowen},
 title = {Holistically-Nested Edge Detection},
 journal = {Int. J. Comput. Vision},
 issue_date = {December  2017},
 volume = {125},
 number = {1-3},
 month = 12,
 year = {2017},
 issn = {0920-5691},
 pages = {3--18},
 numpages = {16},
 url = {https://doi.org/10.1007/s11263-017-1004-z},
 doi = {10.1007/s11263-017-1004-z},
 acmid = {3158453},
 publisher = {Kluwer Academic Publishers},
 address = {Hingham, MA, USA},
} 

@ARTICLE{COB:2018:7917294, 
 author = {K. Maninis and J. Pont-Tuset and P. ArbelÃ¡ez and L. Van Gool}, 
 journal = {IEEE Transactions on Pattern Analysis and Machine Intelligence}, 
 title = {Convolutional Oriented Boundaries: From Image Segmentation to High-Level Tasks}, 
 year = {2018}, 
 volume = {40}, 
 number = {4}, 
 pages = {819-833}, 
 ISSN = {0162-8828}, 
 month = {April},
}

@InProceedings{COB:2016,
 author={Maninis, Kevis-Kokitsi and Pont-Tuset, Jordi and Arbel{\'a}ez, Pablo and Van Gool, Luc},
 editor={Leibe, Bastian and Matas, Jiri and Sebe, Nicu and Welling, Max},
 title={Convolutional Oriented Boundaries},
 booktitle={Computer Vision -- ECCV 2016},
 year={2016},
 month={08},
 publisher={Springer International Publishing},
 address={Cham},
 pages={580--596},
 isbn={978-3-319-46448-0}
}

@INPROCEEDINGS{RCF:2017:8100105, 
 author = {Y. Liu and M. Cheng and X. Hu and K. Wang and X. Bai}, 
 booktitle = {2017 IEEE Conference on Computer Vision and Pattern Recognition (CVPR)}, 
 title = {Richer Convolutional Features for Edge Detection}, 
 year = {2017}, 
 volume = {}, 
 number = {}, 
 pages = {5872-5881}, 
 doi = {10.1109/CVPR.2017.622}, 
 ISSN = {1063-6919}, 
 month = {July},
}

@article{Zhang08imagesegmentation,
 title = {Image segmentation evaluation: A survey of unsupervised methods},
 journal = {Computer Vision and Image Understanding},
 volume = {110},
 number = {2},
 pages = {260 - 280},
 year = {2008},
 issn = {1077-3142},
 doi = {https://doi.org/10.1016/j.cviu.2007.08.003},
 url = {http://www.sciencedirect.com/science/article/pii/S1077314207001294},
 author = {Hui Zhang and Jason E. Fritts and Sally A. Goldman}
}

@book{DOMINGUEZ:2016,
 author = {Didier DomÃ­nguez and Roberto RodrÃ­guez Morales},
 title = {Image Segmentation: Advances},
 year = {2016},
 volume = {1},
 number = {1},
 isbn = {1682500187},
 pages = {178}
}

@ARTICLE{Segnet:2017:7803544, 
 author = {V. Badrinarayanan and A. Kendall and R. Cipolla}, 
 journal = {IEEE Transactions on Pattern Analysis and Machine Intelligence}, 
 title = {SegNet: A Deep Convolutional Encoder-Decoder Architecture for Image Segmentation}, 
 year = {2017}, 
 volume = {39}, 
 number = {12}, 
 pages = {2481-2495}, 
 doi = {10.1109/TPAMI.2016.2644615}, 
 ISSN = {0162-8828}, 
 month = {Dec},
 url =  {http://arxiv.org/abs/1511.00561},
 eprint = {1511.00561},
}

@INPROCEEDINGS{ADAPT_DT_AUGM:2016:7533048, 
 author = {A. Fawzi and H. Samulowitz and D. Turaga and P. Frossard}, 
 booktitle = {2016 IEEE International Conference on Image Processing (ICIP)}, 
 title = {Adaptive data augmentation for image classification}, 
 year = {2016}, 
 volume = {}, 
 number = {}, 
 pages = {3688-3692}, 
 doi = {10.1109/ICIP.2016.7533048}, 
 ISSN = {}, 
 month = {Sept},
}

@article{Perez:2017:EFF_DT_AUGM,
 author = {Luis Perez and Jason Wang},
 title = {The Effectiveness of Data Augmentation in Image Classification using Deep Learning},
 journal = {CoRR},
 volume = {abs/1712.04621},
 year = {2017},
 url = {http://arxiv.org/abs/1712.04621},
 archivePrefix = {arXiv},
 eprint = {1712.04621},
 timestamp = {Wed, 03 Jan 2018 12:33:17 +0100},
 biburl = {https://dblp.org/rec/bib/journals/corr/abs-1712-04621},
 bibsource = {dblp computer science bibliography, https://dblp.org}
}

@article{Wong:2016:UNDERST_DT_AUGM,
 author = {Sebastien C. Wong and Adam Gatt and Victor Stamatescu and Mark D. McDonnell},
 title = {Understanding data augmentation for classification: when to warp?},
 journal = {2016 International Conference on Digital Image Computing: Techniques and Applications (DICTA)},
 volume = {abs/1609.08764},
 year = {2016},
 url = {http://arxiv.org/abs/1609.08764},
 archivePrefix = {arXiv},
 eprint = {1609.08764},
 timestamp = {Wed, 07 Jun 2017 14:40:22 +0200},
 biburl = {https://dblp.org/rec/bib/journals/corr/WongGSM16},
 bibsource = {dblp computer science bibliography, https://dblp.org}
}

@inproceedings{Pratt:1992:NIPS1992_641,
 author = {Pratt, L. Y.},
 title = {Discriminability-based Transfer Between Neural Networks},
 booktitle = {Proceedings of the 5th International Conference on Neural Information Processing Systems},
 series = {NIPS'92},
 year = {1992},
 isbn = {1-55860-274-7},
 location = {Denver, Colorado},
 pages = {204--211},
 numpages = {8},
 url = {http://dl.acm.org/citation.cfm?id=2987061.2987087},
 acmid = {2987087},
 publisher = {Morgan Kaufmann Publishers Inc.},
 address = {San Francisco, CA, USA},
} 

@Article{Weiss:2016:JOURN_BIG_DATA,
 author = {Weiss, Karl and Khoshgoftaar, Taghi M. and Wang, DingDing},
 title = {A survey of transfer learning},
 journal = {Journal of Big Data},
 year = {2016},
 month = {May},
 day = {28},
 volume = {3},
 number = {1},
 pages = {9},
 issn = {2196-1115},
 doi = {10.1186/s40537-016-0043-6},
 url={https://doi.org/10.1186/s40537-016-0043-6}
}

@Book{gonzalez2018digital,
 author = {Gonzalez, Rafael C. and Woods, Richard E.},
 title = {Digital Image Processing (4th Edition)},
 publisher = {Pearson/Prentice Hall},
 year = {2018},
 address = {New York, NY},
 isbn = {978-0133356724}
}

@Book{gonzalez2002digital,
 author = {Gonzalez, Rafael C. and Woods, Richard E.},
 title = {Digital Image Processing (2nd Edition)},
 publisher = {Prentice Hall},
 year = {2002},
 address = {Upper Saddle River, N.J},
 isbn = {978-0201180756}
 }
 
@Book{pedrini2008analise,
 author = {Pedrini, H{\'e}lio and Schwartz, William Robson},
 title = {AnaÌlise de Imagens Digitais - Princ{\'i}pios, Algoritmos e Aplica{\c{c}}{\~o}es},
 publisher = {Thomson Learning},
 year = {2008},
 address = {S{\~a}o Paulo},
 isbn = {978-85-221-0595-3}
}

@Book{shapiro2001computer,
 author = {Shapiro, Linda and Stockman, George},
 title = {Computer vision},
 publisher = {Prentice Hall},
 year = {2001},
 address = {Upper Saddle River, NJ},
 isbn = {978-0130307965}
}
 
@ARTICLE{Canny:1986, 
 author = {John Canny}, 
 journal = {IEEE Transactions on Pattern Analysis and Machine Intelligence}, 
 title = {A Computational Approach to Edge Detection}, 
 year = {1986}, 
 volume = {PAMI-8}, 
 number = {6}, 
 pages = {679-698}, 
 doi = {10.1109/TPAMI.1986.4767851}, 
 ISSN = {0162-8828}, 
 month = {Nov}
}

@InProceedings{Unet:2015,
 author = {O. Ronneberger and P.Fischer and T. Brox},
 title = {U-Net: Convolutional Networks for Biomedical Image Segmentation},
 booktitle = {Medical Image Computing and Computer-Assisted Intervention (MICCAI)},
 series = {LNCS},
 volume = {9351},
 pages = {234--241},
 year = {2015},
 publisher = {Springer},
 note = {(available on arXiv:1505.04597 [cs.CV])},
 _url = {http://lmb.informatik.uni-freiburg.de/Publications/2015/RFB15a}
}

@article{Robinson:10.1117,
 author = {Guner S. Robinson},
 title = {Color Edge Detection},
 journal = {Optical Engineering},
 volume = {16},
 number = {},
 pages = {16 - 16 - 6},
 year = {1977},
 doi = {10.1117/12.7972120},
 URL = {https://doi.org/10.1117/12.7972120},
 eprint = {}
}

@phdthesis{Roberts:1963,
 title = {Machine Perception Of Three-Dimensional Solids},
 school = {Massachusetts Institued of Technology},
 author = {Lawrence G. Roberts},
 year = {1963},
 type = {{PhD} Thesis},
 url = {http://www.packet.cc/files/mach-per-3D-solids.html},
}

@ARTICLE{StructuredEdges:2015, 
 author = {P. DollÃ¡r and C. L. Zitnick}, 
 journal = {IEEE Transactions on Pattern Analysis and Machine Intelligence}, 
 title = {Fast Edge Detection Using Structured Forests}, 
 year = {2015}, 
 volume = {37}, 
 number = {8}, 
 pages = {1558-1570}, 
 doi = {10.1109/TPAMI.2014.2377715}, 
 ISSN = {0162-8828}, 
 month = {Aug}
}

@INPROCEEDINGS{HED:2015,
  author={Saining {Xie} and Zhuowen {Tu}},
  booktitle={2015 IEEE International Conference on Computer Vision (ICCV)}, 
  title={Holistically-Nested Edge Detection}, 
  year={2015},
  volume={},
  number={},
  pages={1395-1403},
  doi={10.1109/ICCV.2015.164},
  isbn={978-1-4673-8391-2},
  url = {http://arxiv.org/abs/1504.06375},
}

@article{VGGNET:2014,
  author={Karen Simonyan and Andrew Zisserman},
  title={Very Deep Convolutional Networks for Large-Scale Image Recognition},
  journal={CoRR},
  volume={abs/1409.1556},
  year={2014},
  url={http://arxiv.org/abs/1409.1556},
  archivePrefix={arXiv},
  eprint={1409.1556},
  timestamp={Wed, 07 Jun 2017 14:41:51 +0200},
  biburl={https://dblp.org/rec/bib/journals/corr/SimonyanZ14a},
  bibsource={dblp computer science bibliography, https://dblp.org}
}

@INPROCEEDINGS{RESNET:2016:7780459, 
 author={K. He and X. Zhang and S. Ren and J. Sun}, 
 booktitle={2016 IEEE Conference on Computer Vision and Pattern Recognition (CVPR)}, 
 title={Deep Residual Learning for Image Recognition}, 
 year={2016}, 
 volume={}, 
 number={}, 
 pages={770-778}, 
 doi={10.1109/CVPR.2016.90}, 
 ISSN={1063-6919}, 
 month={June},
}

@article{KIRSCH1971315,
 title = {Computer determination of the constituent structure of biological images},
 journal = {Computers and Biomedical Research},
 volume = {4},
 number = {3},
 pages = {315 - 328},
 year = {1971},
 issn = {0010-4809},
 doi = {https://doi.org/10.1016/0010-4809(71)90034-6},
 url = {http://www.sciencedirect.com/science/article/pii/0010480971900346},
 author = {Russell A. Kirsch},
}

@article{ROBINSON1977492,
 title = {Edge detection by compass gradient masks},
 journal = {Computer Graphics and Image Processing},
 volume = {6},
 number = {5},
 pages = {492 - 501},
 year = {1977},
 issn = {0146-664X},
 doi = {https://doi.org/10.1016/S0146-664X(77)80024-5},
 url = {http://www.sciencedirect.com/science/article/pii/S0146664X77800245},
 author = {GÃ¼ner S. Robinson}
}

@ARTICLE{FREI_CHEN:1674733, 
 author={Werner Frei and Chung-Ching Chen}, 
 journal={IEEE Transactions on Computers}, 
 title={Fast Boundary Detection: A Generalization and a New Algorithm}, 
 year={1977}, 
 volume={C-26}, 
 number={10}, 
 pages={988-998}, 
 doi={10.1109/TC.1977.1674733}, 
 ISSN={0018-9340}, 
 month={Oct},
}

@book{Marr:1982:VCI:1095712,
 author = {Marr, David},
 title = {Vision: A Computational Investigation into the Human Representation and Processing of Visual Information},
 year = {1982},
 isbn = {0716715678},
 publisher = {Henry Holt and Co., Inc.},
 address = {New York, NY, USA},
} 

@article{BERZINS1984195,
 title = {Accuracy of laplacian edge detectors},
 journal = {Computer Vision, Graphics, and Image Processing},
 volume = {27},
 number = {2},
 pages = {195 - 210},
 year = {1984},
 issn = {0734-189X},
 doi = {https://doi.org/10.1016/S0734-189X(84)80043-2},
 url = {http://www.sciencedirect.com/science/article/pii/S0734189X84800432},
 author = {Valdis Berzins},
}

@ARTICLE{HUERTAS_MEDIONI:4767838, 
 author={A. Huertas and G. Medioni}, 
 journal={IEEE Transactions on Pattern Analysis and Machine Intelligence}, 
 title={Detection of Intensity Changes with Subpixel Accuracy Using Laplacian-Gaussian Masks}, 
 year={1986}, 
 volume={PAMI-8}, 
 number={5}, 
 pages={651-664}, 
 doi={10.1109/TPAMI.1986.4767838}, 
 ISSN={0162-8828}, 
 month={Sept},
}
 
@ARTICLE{KONISHI:1159946, 
 author={S. Konishi and A. L. Yuille and J. M. Coughlan and Song Chun Zhu}, 
 journal={IEEE Transactions on Pattern Analysis and Machine Intelligence}, 
 title={Statistical edge detection: learning and evaluating edge cues}, 
 year={2003}, 
 volume={25}, 
 number={1}, 
 pages={57-74}, 
 doi={10.1109/TPAMI.2003.1159946}, 
 ISSN={0162-8828}, 
 month={Jan},
}

@ARTICLE{MARTIN:1273918, 
 author={D. R. Martin and C. C. Fowlkes and J. Malik}, 
 journal={IEEE Transactions on Pattern Analysis and Machine Intelligence}, 
 title={Learning to detect natural image boundaries using local brightness, color, and texture cues}, 
 year={2004}, 
 volume={26}, 
 number={5}, 
 pages={530-549}, 
 doi={10.1109/TPAMI.2004.1273918}, 
 ISSN={0162-8828}, 
 month={May},
}

@INPROCEEDINGS{LIM:6619250, 
 author={J. J. Lim and C. L. Zitnick and P. DollÃ¡r}, 
 booktitle={2013 IEEE Conference on Computer Vision and Pattern Recognition}, 
 title={Sketch Tokens: A Learned Mid-level Representation for Contour and Object Detection}, 
 year={2013}, 
 volume={}, 
 number={}, 
 pages={3158-3165}, 
 doi={10.1109/CVPR.2013.406}, 
 ISSN={1063-6919}, 
 month={June},
}

@Article{Mehmood:ccs2018,
 author = {Syed Aftab Mehmood and Syed Hasnain Ali},
 title = {Semantic Image Segmentation using Canny-Edge Detector},
 booktitle = {International Conference on Engineering, Computing & Information Technology (ICECIT 2017)},
 year = {2018},
 pages = {72-78},
 month = {January},
 issue_date = {January 2018},
 numpages = {4},
 publisher = {CSL Press, NY, USA},
}

@inproceedings{zak2013,
 author = {{\.{Z}}ak, Bogdan and Ho{\.{z}}y{\'{n}}, Stanis{\l }aw},
 title = {Segmentation Algorithm Using Method of Edge Detection},
 year = {2013},
 month = {4},
 volume = {196},
 pages = {206--211},
 booktitle = {Advances in Mechatronic Systems, Mechanics and Materials},
 series = {Solid State Phenomena},
 publisher = {Trans Tech Publications},
 doi = {10.4028/www.scientific.net/SSP.196.206}
}

@INPROCEEDINGS{Huang-Kuo:5646352, 
 author={Y. Huang and C. Kuo}, 
 booktitle={2010 3rd International Congress on Image and Signal Processing}, 
 title={Image segmentation using edge detection and region distribution}, 
 year={2010}, 
 volume={3}, 
 number={}, 
 pages={1410-1414}, 
 doi={10.1109/CISP.2010.5646352}, 
 ISSN={}, 
 month={Oct}
}

@ARTICLE{MCG:7423791, 
 author={J. Pont-Tuset and P. ArbelÃ¡ez and J. T. Barron and F. Marques and J. Malik}, 
 journal={IEEE Transactions on Pattern Analysis and Machine Intelligence}, 
 title={Multiscale Combinatorial Grouping for Image Segmentation and Object Proposal Generation}, 
 year={2017}, 
 volume={39}, 
 number={1}, 
 pages={128-140}, 
 doi={10.1109/TPAMI.2016.2537320}, 
 ISSN={0162-8828}, 
 month={Jan},
}

@article {Marr:1980,
 author = {D. Marr and E. Hildreth},
 title = {Theory of edge detection},
 volume = {207},
 number = {1167},
 pages = {187--217},
 year = {1980},
 doi = {10.1098/rspb.1980.0020},
 publisher = {The Royal Society},
 issn = {0080-4649},
 URL = {http://rspb.royalsocietypublishing.org/content/207/1167/187},
 eprint = {http://rspb.royalsocietypublishing.org/content/207/1167/187.full.pdf},
 journal = {Proceedings of the Royal Society of London B: Biological Sciences}
}

@INPROCEEDINGS{ContourDetect:2017:8124495, 
 author={T. W. Chua and L. Shen}, 
 booktitle={2017 IEEE 2nd International Conference on Signal and Image Processing (ICSIP)}, 
 title={Contour detection from deep patch-level boundary prediction}, 
 year={2017}, 
 volume={}, 
 number={}, 
 pages={5-9},
 doi={10.1109/SIPROCESS.2017.8124495}, 
 ISSN={}, 
 month={Aug},
}

@CONFERENCE{Cumulative:Song20181847,
 author={Song, J. and Zhou, Z. and Gao, L. and Xu, X. and Shen, H.T.},
 title={Cumulative nets for edge detection},
 journal={MM 2018 - Proceedings of the 2018 ACM Multimedia Conference},
 year={2018},
 month={10},
 pages={1847-1855},
 doi={10.1145/3240508.3240688},
 _url={https://www.scopus.com/inward/record.uri?eid=2-s2.0-85058232244&doi=10.1145%2f3240508.3240688&partnerID=40&md5=c073c27bfaf80d837454608948c1fc45},
 document_type={Conference Paper},
 source={Scopus},
}

@INPROCEEDINGS{DeepContour:2015:7299024, 
 author={Wei Shen and Xinggang Wang and Yan Wang and Xiang Bai and Z. Zhang}, 
 booktitle={2015 IEEE Conference on Computer Vision and Pattern Recognition (CVPR)}, 
 title={DeepContour: A deep convolutional feature learned by positive-sharing loss for contour detection}, 
 year={2015}, 
 volume={}, 
 number={}, 
 pages={3982-3991}, 
 doi={10.1109/CVPR.2015.7299024}, 
 ISSN={1063-6919}, 
 month={June},
}

@ARTICLE{EdgeCNN:Wang201612,
 author={Wang, R.},
 title={Edge detection using convolutional neural network},
 journal={Lecture Notes in Computer Science (including subseries Lecture Notes in Artificial Intelligence and Lecture Notes in Bioinformatics)},
 year={2016},
 volume={9719},
 pages={12-20},
 doi={10.1007/978-3-319-40663-3_2},
 _url={https://www.scopus.com/inward/record.uri?eid=2-s2.0-84978870796&doi=10.1007%2f978-3-319-40663-3_2&partnerID=40&md5=55a2137ade3ca1220e42eacf0357569e},
 document_type={Conference Paper},
 source={Scopus},
}

@ARTICLE{ReExtraction:Wen201884,
 author={Wen, C. and Liu, P. and Ma, W. and Jian, Z. and Lv, C. and Hong, J. and Shi, X.},
 title={Edge detection with feature re-extraction deep convolutional neural network},
 journal={Journal of Visual Communication and Image Representation},
 year={2018},
 month={11},
 volume={57},
 pages={84-90},
 doi={10.1016/j.jvcir.2018.10.017},
 _url={https://www.scopus.com/inward/record.uri?eid=2-s2.0-85055564072&doi=10.1016%2fj.jvcir.2018.10.017&partnerID=40&md5=4aa71702a986f7aa68f0e62733a22919},
 document_type={Article},
 source={Scopus},
}

@CONFERENCE{DeepStructured:2017:Xu20173962,
 author={Xu, D. and Ouyang, W. and Alameda-Pineda, X. and Ricci, E. and Wang, X. and Sebe, N.},
 title={Learning deep structured multi-scale features using attention-gated CRFs for contour prediction},
 journal={Advances in Neural Information Processing Systems},
 year={2017},
 volume={2017-December},
 pages={3962-3971},
 document_type={Conference Paper},
 source={Scopus},
}

@ARTICLE{LearningHybrid:Hu2018377,
 author={Hu, X. and Liu, Y. and Wang, K. and Ren, B.},
 title={Learning hybrid convolutional features for edge detection},
 journal={Neurocomputing},
 year={2018},
 month={11},
 volume={313},
 pages={377-385},
 doi={10.1016/j.neucom.2018.05.088},
 _url={https://www.scopus.com/inward/record.uri?eid=2-s2.0-85049459553&doi=10.1016%2fj.neucom.2018.05.088&partnerID=40&md5=beafd3a0efb696706ac19f922d9118ca},
 document_type={Article},
 source={Scopus},
}

@INPROCEEDINGS{LearningRelaxed:2016:7780401, 
 author={Y. Liu and M. S. Lew}, 
 booktitle={2016 IEEE Conference on Computer Vision and Pattern Recognition (CVPR)}, 
 title={Learning Relaxed Deep Supervision for Better Edge Detection}, 
 year={2016}, 
 volume={}, 
 number={}, 
 pages={231-240}, 
 doi={10.1109/CVPR.2016.32}, 
 ISSN={1063-6919}, 
 month={June},
}

@ARTICLE{CrispBoundaries:2018:Deng2018570,
 author={Deng, R. and Shen, C. and Liu, S. and Wang, H. and Liu, X.},
 title={Learning to predict crisp boundaries},
 journal={Lecture Notes in Computer Science (including subseries Lecture Notes in Artificial Intelligence and Lecture Notes in Bioinformatics)},
 year={2018},
 month={10},
 volume={11210 LNCS},
 pages={570-586},
 doi={10.1007/978-3-030-01231-1_35},
 _url={https://www.scopus.com/inward/record.uri?eid=2-s2.0-85055114249&doi=10.1007%2f978-3-030-01231-1_35&partnerID=40&md5=c9b1c49ce116c138694dc73b96abc3c4},
 document_type={Conference Paper},
 source={Scopus},
}

@INPROCEEDINGS{LocalDepth:2017:8265527, 
 author={K. A. Ehinger and E. W. Graf and W. J. Adams and J. H. Elder}, 
 booktitle={2017 IEEE International Conference on Computer Vision Workshops (ICCVW)}, 
 title={Local Depth Edge Detection in Humans and Deep Neural Networks}, 
 year={2017}, 
 volume={}, 
 number={}, 
 pages={2681-2689}, 
 doi={10.1109/ICCVW.2017.316}, 
 ISSN={2473-9944}, 
 month={Oct},
}

@ARTICLE{ProeminentEdge:2018:Cai2018,
 author={Cai, S. and Huang, J. and Chen, J. and Huang, Y. and Ding, X. and Zeng, D.},
 title={Prominent edge detection with deep metric expression and multi-scale features},
 journal={Multimedia Tools and Applications},
 year={2018},
 month={08},
 doi={10.1007/s11042-018-6581-5},
 document_type={Article in Press},
 source={Scopus},
}

@ARTICLE{RBNet:2017:Chen2017677,
 author={Chen, Z. and Chen, Z.},
 title={RBNet: A deep neural network for unified road and road boundary detection},
 journal={Lecture Notes in Computer Science (including subseries Lecture Notes in Artificial Intelligence and Lecture Notes in Bioinformatics)},
 year={2017},
 volume={10634 LNCS},
 pages={677-687},
 doi={10.1007/978-3-319-70087-8_70},
 url={https://www.scopus.com/inward/record.uri?eid=2-s2.0-85035138694&doi=10.1007%2f978-3-319-70087-8_70&partnerID=40&md5=eadeb9ea300c1de832839724ec3a9d87},
 document_type={Conference Paper},
 source={Scopus},
}

@INPROCEEDINGS{SemanticSeg:2016:7780861, 
 author={L. Chen and J. T. Barron and G. Papandreou and K. Murphy and A. L. Yuille}, 
 booktitle={2016 IEEE Conference on Computer Vision and Pattern Recognition (CVPR)}, 
 title={Semantic Image Segmentation with Task-Specific Edge Detection Using CNNs and a Discriminatively Trained Domain Transform}, 
 year={2016}, 
 volume={}, 
 number={}, 
 pages={4545-4554},  
 doi={10.1109/CVPR.2016.492}, 
 ISSN={1063-6919}, 
 month={June},
}

@INPROCEEDINGS{Arbelaez:2006, 
 author={P. Arbelaez}, 
 booktitle={2006 Conference on Computer Vision and Pattern Recognition Workshop (CVPRW'06)}, 
 title={Boundary Extraction in Natural Images Using Ultrametric Contour Maps}, 
 year={2006}, 
 volume={}, 
 number={}, 
 pages={182-182}, 
 doi={10.1109/CVPRW.2006.48}, 
 ISSN={2160-7508}, 
 month={June},
}

@ARTICLE{Dumoulin:2016,
 author = {Dumoulin, Vincent and Visin, Francesco},
 title = {A guide to convolution arithmetic for deep learning},
 journal = {arXiv e-prints},
 year = {2016},
 month = {Mar},
 eid = {arXiv:1603.07285},
 pages = {arXiv:1603.07285},
 archivePrefix = {arXiv},
 eprint = {1603.07285},
 primaryClass = {stat.ML},
 adsurl = {https://ui.adsabs.harvard.edu/abs/2016arXiv160307285D},
 adsnote = {Provided by the SAO/NASA Astrophysics Data System}
}

@Article{Caltagirone:2018, 
 author = {Luca Caltagirone and Mauro Bellone and Lennart Svensson and Mattias Wahde}, 
 title = {LIDAR-Camera Fusion for Road Detection Using Fully Convolutional Neural Networks}, 
 journal = {Robotics and Autonomous Systems}, 
 year = 2018, 
 ee = {https://doi.org/10.101/j.robot.2018.11.002}, 
} 

@article{Lin:2017,
 author = {Tsung{-}Yi Lin and Priya Goyal and Ross B. Girshick and Kaiming He and Piotr Doll{\'{a}}r},
 title = {Focal Loss for Dense Object Detection},
 journal = {CoRR},
 volume = {abs/1708.02002},
 year = {2017},
 url = {http://arxiv.org/abs/1708.02002},
 archivePrefix = {arXiv},
 eprint = {1708.02002},
 timestamp = {Mon, 13 Aug 2018 16:46:12 +0200},
 biburl = {https://dblp.org/rec/bib/journals/corr/abs-1708-02002},
 bibsource = {dblp computer science bibliography, https://dblp.org}
}

@article{DeepLab:2014,
 author = {Liang{-}Chieh Chen and George Papandreou and Iasonas Kokkinos and Kevin Murphy and Alan L. Yuille},
 title = {Semantic Image Segmentation with Deep Convolutional Nets and Fully Connected CRFs},
 journal = {CoRR},
 volume = {abs/1412.7062},
 year = {2014},
 url = {http://arxiv.org/abs/1412.7062},
 archivePrefix = {arXiv},
 eprint = {1412.7062},
 timestamp = {Mon, 13 Aug 2018 16:46:27 +0200},
 biburl = {https://dblp.org/rec/bib/journals/corr/ChenPKMY14},
 bibsource = {dblp computer science bibliography, https://dblp.org}
}

@INPROCEEDINGS{Arbelaez:2009, 
 author={P. Arbelaez and M. Maire and C. Fowlkes and J. Malik}, 
 booktitle={2009 IEEE Conference on Computer Vision and Pattern Recognition}, 
 title={From contours to regions: An empirical evaluation}, 
 year={2009}, 
 pages={2294-2301},  
 doi={10.1109/CVPR.2009.5206707}, 
 ISSN={1063-6919}, 
 month={June},
}

@INPROCEEDINGS{Long:2015, 
 author={J. Long and E. Shelhamer and T. Darrell},
 booktitle={2015 IEEE Conference on Computer Vision and Pattern Recognition (CVPR)}, 
 title={Fully convolutional networks for semantic segmentation}, 
 year={2015}, 
 volume={}, 
 number={}, 
 pages={3431-3440}, 
 doi={10.1109/CVPR.2015.7298965}, 
 ISSN={1063-6919}, 
 month={June},
}

@ARTICLE{Chen:2018, 
 author={L. Chen and G. Papandreou and I. Kokkinos and K. Murphy and A. L. Yuille},
 journal={IEEE Transactions on Pattern Analysis and Machine Intelligence}, 
 title={DeepLab: Semantic Image Segmentation with Deep Convolutional Nets, Atrous Convolution, and Fully Connected CRFs}, 
 year={2018}, 
 volume={40}, 
 number={4}, 
 pages={834-848}, 
 doi={10.1109/TPAMI.2017.2699184}, 
 ISSN={0162-8828}, 
 month={April},
}

@ARTICLE{Girshick:2016, 
 author={R. Girshick and J. Donahue and T. Darrell and J. Malik}, 
 journal={IEEE Transactions on Pattern Analysis and Machine Intelligence}, 
 title={Region-Based Convolutional Networks for Accurate Object Detection and Segmentation}, 
 year={2016}, 
 volume={38}, 
 number={1}, 
 pages={142-158}, 
 doi={10.1109/TPAMI.2015.2437384}, 
 ISSN={0162-8828}, 
 month={Jan},
}

@inproceedings{Noh:2015,
 author = {Noh, Hyeonwoo and Hong, Seunghoon and Han, Bohyung},
 title = {Learning Deconvolution Network for Semantic Segmentation},
 booktitle = {Proceedings of the 2015 IEEE International Conference on Computer Vision (ICCV)},
 series = {ICCV '15},
 year = {2015},
 isbn = {978-1-4673-8391-2},
 pages = {1520--1528},
 numpages = {9},
 url = {http://dx.doi.org/10.1109/ICCV.2015.178},
 doi = {10.1109/ICCV.2015.178},
 acmid = {2919658},
 publisher = {IEEE Computer Society},
 address = {Washington, DC, USA},
} 

@article{Yosinski:2015,
 author = {Jason Yosinski and Jeff Clune and Anh Mai Nguyen and Thomas J. Fuchs and Hod Lipson},
 title = {Understanding Neural Networks Through Deep Visualization},
 journal = {CoRR},
 volume = {abs/1506.06579},
 year = {2015},
 url = {http://arxiv.org/abs/1506.06579},
 archivePrefix = {arXiv},
 eprint = {1506.06579},
 timestamp = {Mon, 13 Aug 2018 16:47:32 +0200},
 biburl = {https://dblp.org/rec/bib/journals/corr/YosinskiCNFL15},
 bibsource = {dblp computer science bibliography, https://dblp.org}
}

@ARTICLE{Chen:2019, 
 author={Z. Chen and J. Zhang and D. Tao}, 
 journal={IEEE/CAA Journal of Automatica Sinica}, 
 title={Progressive LiDAR adaptation for road detection}, 
 year={2019}, 
 volume={6}, 
 number={3}, 
 pages={693-702}, 
 doi={10.1109/JAS.2019.1911459}, 
 ISSN={2329-9266}, 
 month={May},
}

@misc{Serra:2000,
 author = {Jean Serra},
 title = {Courses on Mathematical Morphology - Chapter I - Basic Notions},
 year = {2000},
 publisher = {Ecole des Mines de Paris},
 url = {http://www.cmm.mines-paristech.fr/~serra/cours/index.htm},
 urldate = {2019-07-30}
}

@book{Dougherty:1992,
 title={An introduction to morphological image processing},
 author={Dougherty, E.R.},
 lccn={91046731},
 series={Tutorial texts in optical engineering},
 url={https://books.google.com.br/books?id=1kvxAAAAMAAJ},
 year={1992},
 publisher={SPIE Optical Engineering Press}
}

@ARTICLE{Abhishek:2017, 
 author={Abhishek, Lakshmesha K.n.}, 
 journal={International Journal of Latest Trends in Engineering and Technology - Special Issue - SACAIM}, 
 title={Thinning approach in digital image processing}, 
 url={https://www.ijltet.org/journal_details.php?id=922&j_id=4110},
 year={2017}, 
 pages={326-330}, 
 doi={10.21172}, 
 ISSN={2278-621X}
}

@ARTICLE{SLIC:2012:6205760, 
author={R. Achanta and A. Shaji and K. Smith and A. Lucchi and P. Fua and S. SÃ¼sstrunk}, 
journal={IEEE Transactions on Pattern Analysis and Machine Intelligence}, 
title={SLIC Superpixels Compared to State-of-the-Art Superpixel Methods}, 
year={2012}, 
volume={34}, 
number={11}, 
pages={2274-2282},  
doi={10.1109/TPAMI.2012.120}, 
ISSN={0162-8828}, 
month={Nov},}

@Article{Felzenszwalb2004,
author={Felzenszwalb, Pedro F. and Huttenlocher, Daniel P.},
title={Efficient Graph-Based Image Segmentation},
journal={International Journal of Computer Vision},
year={2004},
month={Sep},
day={01},
volume={59},
number={2},
pages={167--181},
issn={1573-1405},
doi={10.1023/B:VISI.0000022288.19776.77},
url={https://doi.org/10.1023/B:VISI.0000022288.19776.77},
}

@inproceedings{GSLIC,
  title={gSLIC: a real-time implementation of SLIC superpixel segmentation},
  author={Carl Yuheng Ren},
  year={2011}
}

@article{WANG201728,
title = {Superpixel segmentation: A benchmark},
journal = {Signal Processing: Image Communication},
volume = {56},
pages = {28 - 39},
year = {2017},
issn = {0923-5965},
doi = {https://doi.org/10.1016/j.image.2017.04.007},
url = {http://www.sciencedirect.com/science/article/pii/S0923596517300735},
author = {Murong Wang and Xiabi Liu and Yixuan Gao and Xiao Ma and Nouman Q. Soomro},
keywords = {Superpixel, Benchmark, Evaluation},
}

@INPROCEEDINGS{Lattices:2008:4587471, 
author={A. P. Moore and S. J. D. Prince and J. Warrell and U. Mohammed and G. Jones}, 
booktitle={2008 IEEE Conference on Computer Vision and Pattern Recognition}, 
title={Superpixel lattices}, 
year={2008}, 
volume={}, 
number={}, 
pages={1-8}, 
doi={10.1109/CVPR.2008.4587471}, 
ISSN={1063-6919}, 
month={June},
}

@ARTICLE{Watersheds:1991:87344, 
author={L. Vincent and P. Soille}, 
journal={IEEE Transactions on Pattern Analysis and Machine Intelligence}, 
title={Watersheds in digital spaces: an efficient algorithm based on immersion simulations}, 
year={1991}, 
volume={13}, 
number={6}, 
pages={583-598}, 
doi={10.1109/34.87344}, 
ISSN={0162-8828}, 
month={Jun},
}

@inproceedings{Sathya2011ImageSB,
  title={Image Segmentation by Clustering Methods: Performance Analysis},
  journal={International Journal of Computer Applications},
  author={Sathya, Bharath and Manavalan, R.},
  year={2011},
  month={Sept},
  volume={29},
  number={11}, 
  pages={27-32},
  doi={10.5120/3688-5127}
}

@article{Jain2010651,
 author = {Anil K. Jain},
 title = {Data clustering: 50 years beyond K-means},
 journal = {Pattern Recognition Letters},
 volume = {31},
 number = {8},
 pages = {651 - 666},
 year = {2010},
 note = {Award winning papers from the 19th International Conference on Pattern Recognition (ICPR)},
 issn = {0167-8655},
 doi = {https://doi.org/10.1016/j.patrec.2009.09.011},
 url = {http://www.sciencedirect.com/science/article/pii/S0167865509002323},
}

@article{Shi:2000:NCI:351581.351611,
 author = {Shi, Jianbo and Malik, Jitendra},
 title = {Normalized Cuts and Image Segmentation},
 journal = {IEEE Trans. Pattern Anal. Mach. Intell.},
 issue_date = {August 2000},
 volume = {22},
 number = {8},
 month = {Aug},
 year = {2000},
 issn = {0162-8828},
 pages = {888--905},
 numpages = {18},
 url = {https://doi.org/10.1109/34.868688},
 doi = {10.1109/34.868688},
 acmid = {351611},
 publisher = {IEEE Computer Society},
 address = {Washington, DC, USA}
} 

@INPROCEEDINGS{Jeyalakshmi:2016, 
 author={Jeyalakshmi, K. and Shanmugapriya, S.}, 
 booktitle={International Journal of Innovative Research in Computer and Communication Engineering}, 
 title={An Efficient Hierarchical Clustering Algorithms Approach Based on Various-Widths Algometric Clustering}, 
 year={2016}, 
 volume={4}, 
 pages={13151-13155},  
 doi={10.15680/IJIRCCE.2016.0407023}, 
 ISSN={2320-9798}, 
 month={July}
}

@article{SingleLinkage:2012,
 author={Murtagh, Fionn and Contreras, Pedro},
 year={2012},
 month={01},
 pages={86-97},
 title={Algorithms for hierarchical clustering: An overview},
 volume={2},
 booktitle={Wiley Interdisc. Rew.: Data Mining and Knowledge Discovery}
}

@Inbook{DataMiningHandbook:2005,
 author={Rokach, Lior and Maimon, Oded},
 editor={Maimon, Oded and Rokach, Lior},
 title={Clustering Methods},
 bookTitle={Data Mining and Knowledge Discovery Handbook},
 year={2005},
 publisher={Springer US},
 address={Boston, MA},
 pages={321--352},
 isbn={978-0-387-25465-4},
 doi={10.1007/0-387-25465-X_15},
 url={https://doi.org/10.1007/0-387-25465-X_15}
}

//CAFFE
@article{jia2014caffe,
 Author = {Jia, Yangqing and Shelhamer, Evan and Donahue, Jeff and Karayev, Sergey and Long, Jonathan and Girshick, Ross and Guadarrama, Sergio and Darrell, Trevor},
 Journal = {arXiv preprint arXiv:1408.5093},
 Title = {Caffe: Convolutional Architecture for Fast Feature Embedding},
 Year = {2014}
}

@misc{chollet2015keras,
 title={Keras},
 author={Chollet, Fran\c{c}ois and others},
 year={2015},
 howpublished={\url{https://keras.io}},
}

@misc{tensorflow2015-whitepaper,
 title={ {TensorFlow}: Large-Scale Machine Learning on Heterogeneous Systems},
 url={https://www.tensorflow.org/},
 note={Software available from tensorflow.org},
 author={
    Mart\'{\i}n~Abadi and
    Ashish~Agarwal and
    Paul~Barham and
    Eugene~Brevdo and
    Zhifeng~Chen and
    Craig~Citro and
    Greg~S.~Corrado and
    Andy~Davis and
    Jeffrey~Dean and
    Matthieu~Devin and
    Sanjay~Ghemawat and
    Ian~Goodfellow and
    Andrew~Harp and
    Geoffrey~Irving and
    Michael~Isard and
    Yangqing Jia and
    Rafal~Jozefowicz and
    Lukasz~Kaiser and
    Manjunath~Kudlur and
    Josh~Levenberg and
    Dandelion~Man\'{e} and
    Rajat~Monga and
    Sherry~Moore and
    Derek~Murray and
    Chris~Olah and
    Mike~Schuster and
    Jonathon~Shlens and
    Benoit~Steiner and
    Ilya~Sutskever and
    Kunal~Talwar and
    Paul~Tucker and
    Vincent~Vanhoucke and
    Vijay~Vasudevan and
    Fernanda~Vi\'{e}gas and
    Oriol~Vinyals and
    Pete~Warden and
    Martin~Wattenberg and
    Martin~Wicke and
    Yuan~Yu and
    Xiaoqiang~Zheng},
  year={2015},
}

@article{Pont-Tuset2016a,
  author ={Jordi Pont-Tuset and Ferran Marques},
  title = {Supervised Evaluation of Image Segmentation and Object Proposal Techniques},
  journal = {IEEE Transactions on Pattern Analysis and Machine Intelligence (TPAMI)},
  year = {2016},
  volume = {38},
  number = {7},
  pages = {1465--1478}
}

@mastersthesis{Milena:2019,
  author = {Milena Menezes Ad{\~a}o},
  title = {AvaliaÃ§Ã£o de aprendizado de mÃ¡quina aplicado ao realinhamento de hierarquias para segmentaÃ§Ã£o de imagens},
  school = {PUC Minas - PontifÃ­cia Universidade CatÃ³lica de Minas Gerais},
  type = {DissertaÃ§Ã£o de Mestrado},
  year = {2019},
  month = {Maio},
}

@ARTICLE{RCF:2019, 
 author = {Y. Liu and M. Cheng and X. Hu and J. Bian and L. Zhang and X. Bai and J. Tang},
 journal = {IEEE Transactions on Pattern Analysis and Machine Intelligence},
 title = {Richer Convolutional Features for Edge Detection},
 year = {2019},
 volume = {41},
 number = {8},
 pages = {1939-1946},
 doi = {10.1109/TPAMI.2018.2878849},
 ISSN = {0162-8828},
 month = {Aug},
}

@inproceedings{Kokkinos:2016,
 author = {Iasonas Kokkinos},
 title = {Pushing the Boundaries of Boundary Detection using Deep Learning},
 journal= {4th International Conference on Learning Representations (ICLR 2016)},
 shorttitle={ICLR 2016},
 year = {2016},
 month = {05},
 volume= {4},
 archivePrefix = {arXiv},
 url={https://arxiv.org/abs/1511.07386v2}
}

@article{Wang:2019,
 author ={Luyang Wang and Yuan Shen and Houde Liu and Zhenhua Guo},
 title ={An accurate and efficient multi-category edge detection method},
 journal ={Cognitive Systems Research},
 volume ={58},
 pages ={160 - 172},
 year ={2019},
 issn ={1389-0417},
 doi ={https://doi.org/10.1016/j.cogsys.2019.06.002},
 url ={http://www.sciencedirect.com/science/article/pii/S138904171830682X},
}

@article{Fu:2019,
 author = {Keren Fu and Qijun Zhao and Irene Yu-Hua Gu and Jie Yang},
 title = {Deepside: A general deep framework for salient object detection},
 journal = {Neurocomputing},
 volume = {356},
 pages = {69 - 82},
 year = {2019},
 issn = {0925-2312},
 doi = {https://doi.org/10.1016/j.neucom.2019.04.062},
 url = {http://www.sciencedirect.com/science/article/pii/S0925231219306484},
}

@INPROCEEDINGS{DosSantos:2019,
  author={T. J. dos Santos and C. A. B. Mello and C. Zanchettin and T. V. M. de Souza},
  booktitle={2019 International Joint Conference on Neural Networks (IJCNN)}, 
  title={On the Influence of the Color Model for Image Boundary Detection Algorithms based on Convolutional Neural Networks}, 
  year={2019},
  volume={},
  number={},
  pages={1-8},
}

@INPROCEEDINGS{He:2019,
  author={J. He and S. Zhang and M. Yang and Y. Shan and T. Huang},
  booktitle={2019 IEEE/CVF Conference on Computer Vision and Pattern Recognition (CVPR)}, 
  title={Bi-Directional Cascade Network for Perceptual Edge Detection}, 
  year={2019},
  month={02},
  volume={},
  number={},
  pages={3823-3832},
}

@InProceedings{Wang:2017,
  author = {Wang, Yupei and Zhao, Xin and Huang, Kaiqi},
  title = {Deep Crisp Boundaries},
  booktitle = {The IEEE Conference on Computer Vision and Pattern Recognition (CVPR)},
  month = {07},
  year = {2017}
}

@ARTICLE{WangCrisp:2019,
  author={Y. Wang and X. Zhao and Y. Li and K. Huang},
  journal={IEEE Transactions on Image Processing}, 
  title={Deep Crisp Boundaries: From Boundaries to Higher-Level Tasks}, 
  year={2019},
  volume={28},
  number={3},
  pages={1285-1298},
}

@InProceedings{WangDOOBNet:2018,
  author={Wang, Guoxia and Wang, Xiaochuan and Li, Frederick W. B. and Liang, Xiaohui},
  editor={Jawahar, C.V. and Li, Hongdong and Mori, Greg and Schindler, Konrad},
  title={DOOBNet: Deep Object Occlusion Boundary Detection from an Image},
  booktitle={Computer Vision -- ACCV 2018},
  year={2018},
  month={07},
  publisher={Springer International Publishing},
  address={Cham},
  pages={686--702},
  isbn={978-3-030-20876-9}
}

@article{Yang:2019,
  author={Hongju Yang and Yao Li and Xuefeng Yan and Fuyuan Cao},
  title={{ContourGAN}: Image contour detection with generative adversarial network},
  journal={Knowledge-Based Systems},
  volume={164},
  pages={21 - 28},
  year={2019},
  month={01},
  issn={0950-7051},
  doi={https://doi.org/10.1016/j.knosys.2018.09.033},
  _url={http://www.sciencedirect.com/science/article/pii/S0950705118304842},
}

@article{Akkus:2017,
  author = {Akkus, Zeynettin and Galimzianova, Alfiia and Hoogi, Assaf and Rubin, Daniel and Erickson, Bradley},
  year = {2017},
  month = {06},
  pages = {},
  title = {Deep Learning for Brain MRI Segmentation: State of the Art and Future Directions},
  volume = {30},
  journal = {Journal of digital imaging},
  doi = {10.1007/s10278-017-9983-4}
}

@ARTICLE{Kumar:2020,
  author={V. Kumar and J. Webb and A. Gregory and D. D. Meixner and J. M. Knudsen and M. Callstrom and M. Fatemi and A. Alizad},
  journal={IEEE Access}, 
  title={Automated Segmentation of Thyroid Nodule, Gland, and Cystic Components From Ultrasound Images Using Deep Learning}, 
  year={2020},
  volume={8},
  number={},
  pages={63482-63496}
}

@INPROCEEDINGS{Wu:2018,
  author={S. Wu and L. Zhang},
  booktitle={2018 11th International Symposium on Computational Intelligence and Design (ISCID)}, 
  title={Using Popular Object Detection Methods for Real Time Forest Fire Detection}, 
  year={2018},
  volume={01},
  number={},
  pages={280-284},
}

@INPROCEEDINGS{Pham:2020,
  author={T. L. Pham and H. Nguyen and H. Nguyen and V. H. Nguyen and V. Bui and Y. M. Jang},
  booktitle={2020 International Conference on Artificial Intelligence in Information and Communication (ICAIIC)}, 
  title={Object Detection Framework for High Mobility Vehicles Tracking in Night-Time}, 
  year={2020},
  volume={},
  number={},
  pages={133-135},
}

@inproceedings{Krizhevsky:2012,
  author = {Krizhevsky, Alex and Sutskever, Ilya and Hinton, Geoffrey E.},
  title = {ImageNet Classification with Deep Convolutional Neural Networks},
  year = {2012},
  publisher = {Curran Associates Inc.},
  address = {Red Hook, NY, USA},
  booktitle = {Proceedings of the 25th International Conference on Neural Information Processing Systems - Volume 1},
  pages = {1097â1105},
  numpages = {9},
  location = {Lake Tahoe, Nevada},
  series = {NIPSâ12}
}

@article{ILSVRC15,
  author = {Olga Russakovsky and Jia Deng and Hao Su and Jonathan Krause and Sanjeev Satheesh and Sean Ma and Zhiheng Huang and Andrej Karpathy and Aditya Khosla and Michael Bernstein and Alexander C. Berg and Li Fei-Fei},
  title = {{ImageNet Large Scale Visual Recognition Challenge}},
  year = {2015},
  journal = {International Journal of Computer Vision (IJCV)},
  doi = {10.1007/s11263-015-0816-y},
  volume={115},
  number={3},
  pages={211-252}
}

@article{Khan:2020,
  author={Asharul Islam Khan and Salim Al-Habsi},
  title={Machine Learning in Computer Vision},
  journal={Procedia Computer Science},
  volume={167},
  pages={1444 - 1451},
  year={2020},
  note={International Conference on Computational Intelligence and Data Science},
  issn={1877-0509},
  doi={https://doi.org/10.1016/j.procs.2020.03.355},
  url={http://www.sciencedirect.com/science/article/pii/S1877050920308218},
}

@article{Kerle:2019,
  author = {Kerle, Norman and Gerke, Markus and LefÃ¨vre, SÃ©bastien},
  year = {2019},
  month = {05},
  pages = {1181},
  title = {GEOBIA 2016: Advances in Object-Based Image AnalysisâLinking with Computer Vision and Machine Learning},
  volume = {11},
  journal = {Remote Sensing},
  doi = {10.3390/rs11101181}
}

@InProceedings{Zeiler:2014,
  author={Zeiler, Matthew D. and Fergus, Rob},
  editor={Fleet, David and Pajdla, Tomas and Schiele, Bernt and Tuytelaars, Tinne},
  title={Visualizing and Understanding Convolutional Networks},
  booktitle={Computer Vision -- ECCV 2014},
  year={2014},
  publisher={Springer International Publishing},
  address={Cham},
  pages={818--833},
}

@article{Hadji:2018,
  title={What Do We Understand About Convolutional Networks?},
  author={Isma Hadji and Richard P. Wildes},
  journal={ArXiv},
  year={2018},
  volume={abs/1803.08834}
}

@INPROCEEDINGS{Fidler:2007,
  author={S. Fidler and A. Leonardis},
  booktitle={2007 IEEE Conference on Computer Vision and Pattern Recognition}, 
  title={Towards Scalable Representations of Object Categories: Learning a Hierarchy of Parts}, 
  year={2007},
  volume={},
  number={},
  pages={1-8},
}

@inproceedings{InceptionV4:2017,
  author = {Szegedy, Christian and Ioffe, Sergey and Vanhoucke, Vincent and Alemi, Alexander A.},
  title = {Inception-v4, Inception-ResNet and the Impact of Residual Connections on Learning},
  year = {2017},
  publisher = {AAAI Press},
  booktitle = {Proceedings of the Thirty-First AAAI Conference on Artificial Intelligence},
  pages = {4278â4284},
  numpages = {7},
  location = {San Francisco, California, USA},
  series = {AAAIâ17}
}

@INPROCEEDINGS{InceptionV1:2015,
  author={C. Szegedy and Wei Liu and Yangqing Jia and P. Sermanet and S. Reed and D. Anguelov and D. Erhan and V. Vanhoucke and A. Rabinovichs},  
  booktitle={2015 IEEE Conference on Computer Vision and Pattern Recognition (CVPR)},
  title={Going deeper with convolutions},
  year={2015},
  month={06},
  pages={1-9},
  isbn={978-1-4673-6964-0},
  issn={1063-6919},
  location={Boston, MA, USA},
  doi={10.1109/CVPR.2015.7298594}
}

@INPROCEEDINGS{ResidualSqueezeVGG:2018,
  author={H. Qassim and A. Verma and D. Feinzimer},
  booktitle={2018 IEEE 8th Annual Computing and Communication Workshop and Conference (CCWC)},
  title={Compressed residual-VGG16 CNN model for big data places image recognition},
  year={2018},
  month={01},
  isbn={978-1-5386-4649-6},
  pages={169-175},
  location={Las Vegas, NV, USA},
  doi={10.1109/CCWC.2018.8301729}
}

@article{HIPR:1996,
  author = {Fisher, Robert and Perkins, S. and Walker, A. and Wolfart, E.},
  year = {1996},
  isbn = {978-0-4719-6243-4},
  title = {{Hypermedia Image Processing Reference (HIPR)}},
  publisher={Wiley},
  url={https://www.researchgate.net/publication/246405203_Hypermedia_Image_Processing_Reference_HIPR}
}

@misc{ISBI:2012,
  author = {Arganda-Carreras, Ignacio and Turaga, Srinivas C. and Berger, Daniel R. and CireÅan, Dan and Giusti, Alessandro and Gambardella, Luca M. and Schmidhuber, JÃ¼rgen and Laptev, Dmitry and Dwivedi, Sarvesh and Buhmann, Joachim M. and Liu, Ting and Seyedhosseini, Mojtaba and Tasdizen, Tolga and Kamentsky, Lee and Burget, Radim and Uher, Vaclav and Tan, Xiao and Sun, Changming and Pham, Tuan D. and Bas, Erhan and Uzunbas, Mustafa G. and Cardona, Albert and Schindelin, Johannes and Seung, H. Sebastian},
  title = {{ISBI Challenge: Segmentation of neuronal structures in EM stacks}},
  howpublished = {\url{http://brainiac2.mit.edu/isbi_challenge/}},
  year = {2012}, 
  note = {[Online; accessed 01-July-2020]}
}

@ARTICLE{ArgandaCarreras:2015,
  author={Arganda-Carreras, Ignacio and Turaga, Srinivas C. and Berger, Daniel R. and CireÅan, Dan and Giusti, Alessandro and Gambardella, Luca M. and Schmidhuber, JÃ¼rgen and Laptev, Dmitry and Dwivedi, Sarvesh and Buhmann, Joachim M. and Liu, Ting and Seyedhosseini, Mojtaba and Tasdizen, Tolga and Kamentsky, Lee and Burget, Radim and Uher, Vaclav and Tan, Xiao and Sun, Changming and Pham, Tuan D. and Bas, Erhan and Uzunbas, Mustafa G. and Cardona, Albert and Schindelin, Johannes and Seung, H. Sebastian},
  title={Crowdsourcing the creation of image segmentation algorithms for connectomics},
  journal={Frontiers in Neuroanatomy},
  volume={9},
  pages={142},
  year={2015},
  url={https://www.frontiersin.org/article/10.3389/fnana.2015.00142},
  doi={10.3389/fnana.2015.00142},
  issn={1662-5129},
}

@ARTICLE{Guo:2012,
  author={C. {Guo} and S. {Mita} and D. {McAllester}},
  journal={IEEE Transactions on Intelligent Transportation Systems}, 
  title={Robust Road Detection and Tracking in Challenging Scenarios Based on Markov Random Fields With Unsupervised Learning}, 
  year={2012},
  volume={13},
  number={3},
  pages={1338-1354},
}

@article{Sofaer:2019,
  author = {Sofaer, Helen R. and Hoeting, Jennifer A. and Jarnevich, Catherine S.},
  title = {The area under the precision-recall curve as a performance metric for rare binary events},
  journal = {Methods in Ecology and Evolution},
  volume = {10},
  number = {4},
  pages = {565-577},
  doi = {10.1111/2041-210X.13140},
  url = {https://besjournals.onlinelibrary.wiley.com/doi/abs/10.1111/2041-210X.13140},
  eprint = {https://besjournals.onlinelibrary.wiley.com/doi/pdf/10.1111/2041-210X.13140},
  year = {2019}
}

@INPROCEEDINGS{Qu:2020,
  author={Z. {Qu} and Z. {Yang} and C. {Ru}},
  booktitle={2020 IEEE 20th International Conference on Nanotechnology (IEEE-NANO)}, 
  title={Edges Detection of Nanowires and Adaptively Denoising with Deep Convolutional Neural Network from SEM Images}, 
  year={2020},
  volume={},
  number={},
  pages={146-149},
  doi={10.1109/NANO47656.2020.9183671}
}

@article{Perng:2020,
  author={Jau Woei Perng and Ya Wen Hsu and Ya Zhu Yang and Chia Yen Chen and Tang Kai Yin},
  title={Development of an embedded road boundary detection system based on deep learning},
  journal={Image and Vision Computing},
  volume={100},
  pages={103935},
  year={2020},
  issn={0262-8856},
  doi={https://doi.org/10.1016/j.imavis.2020.103935},
  _url={http://www.sciencedirect.com/science/article/pii/S0262885620300676}
}

@article{Li:2020,
  author={Mingchun Li and Dali Chen and Shixin Liu and Fang Liu},
  title={Grain boundary detection and second phase segmentation based on multi-task learning and generative adversarial network},
  journal={Measurement},
  volume={162},
  pages={107857},
  year={2020},
  issn={0263-2241},
  doi={https://doi.org/10.1016/j.measurement.2020.107857},
  _url={http://www.sciencedirect.com/science/article/pii/S026322412030395X}
}

@Inbook{Cao:2020,
 author={Cao, Juan and Qi, Peng and Sheng, Qiang and Yang, Tianyun and Guo, Junbo and Li, Jintao},
 editor={Shu, Kai and Wang, Suhang and Lee, Dongwon and Liu, Huan},
 title={Exploring the Role of Visual Content in Fake News Detection},
 bookTitle={Disinformation, Misinformation, and Fake News in Social Media: Emerging Research Challenges and Opportunities},
 year={2020},
 publisher={Springer International Publishing},
 address={Cham},
 pages={141--161},
 isbn={978-3-030-42699-6},
 doi={10.1007/978-3-030-42699-6_8},
 url={https://doi.org/10.1007/978-3-030-42699-6_8}
}

@Book{Jain:1995,
 author = {Ramesh Jain and Rangacher Kasturi and Brian Schunck},
 title = {Machine Vision},
 publisher = {McGraw-Hill Science/Engineering/Math},
 year = {1995},
 isbn = {0-070-32018-7}
}
 
@book{Marsland:2014,
  title={Machine Learning: An Algorithm Perspective},
  author={Stephen Marsland},
  edition={2},
  isbn={978-1466583283},
  year={2014},
  publisher={CRC Press},
  note={Dispon\'{i}vel em: https://homepages.ecs.vuw.ac.nz/~marslast/MLbook.html}
}

@article{OShea:2015,
 author={Keiron O'Shea and Ryan Nash},
 title={An Introduction to Convolutional Neural Networks},
 journal={CoRR},
 volume={abs/1511.08458},
 year={2015},
 url={http://arxiv.org/abs/1511.08458},
 archivePrefix={arXiv},
 eprint={1511.08458},
 timestamp={Mon, 13 Aug 2018 16:46:52 +0200},
 biburl={https://dblp.org/rec/journals/corr/OSheaN15.bib},
 bibsource={dblp computer science bibliography, https://dblp.org}
}

@INPROCEEDINGS{Albawi:2017,
 author={S. Albawi and T. A. Mohammed and S. Al-Zawi},
 booktitle={2017 International Conference on Engineering and Technology (ICET)},
 title={Understanding of a convolutional neural network}, 
 year={2017},
 volume={},
 number={},
 pages={1-6},
 doi={10.1109/ICEngTechnol.2017.8308186}
}

@article{Ho:2019,
 author={Yaoshiang Ho and Samuel Wookey},
 journal={IEEE Access},
 title={The Real-World-Weight Cross-Entropy Loss Function: Modeling the Costs of Mislabeling},
 year={2019},
 volume={8},
 issn={2169-3536},
 pages={4806-4813},
 doi={10.1109/ACCESS.2019.2962617}
}
